% Example BibTex entries taken from http://liinwww.ira.uka.de/csbib

@Book{boerger_trends83,
  title =	"Trends in Theoretical Computer Science",
  editor =	"E. B{\"o}rger",
  publisher =	"Computer Science Press",
  year = 	"1988",
}

@Misc{SCP,
  key =  	"SCP",
  title =	"Science of Computer Programming",
  journal =	"Science of Computer Programming",
}

@Article{Subramanian:1994:ES,
  author =	"{A. Subramanian}",
  title =	"An Explanation of Splaying",
  journal =	"Lecture Notes in Computer Science",
  volume =	"880",
  pages =	"354--365",
  year = 	"1994",
  CODEN =	"LNCSD9",
  ISSN = 	"0302-9743",
  bibdate =	"Wed Sep 15 10:01:31 MDT 1999",
  acknowledgement = "Nelson H. F. Beebe, Center for Scientific
		 Computing, University of Utah, Department of
		 Mathematics, 110 LCB, 155 S 1400 E RM 233, Salt Lake
		 City, UT 84112-0090, USA, Tel: +1 801 581 5254, FAX: +1
		 801 581 4148, e-mail: \path|beebe@math.utah.edu|,
		 \path|beebe@acm.org|, \path|beebe@computer.org|,
		 \path|beebe@ieee.org| (Internet), URL:
		 \path|http://www.math.utah.edu/~beebe/|",
  keywords =	"software technology; theoretical computer science;
		 computer; science",
}

@Article{Martin96,
  author =	"Martin",
  title =	"Computer Science: The Nature of a Good and
		 Accreditable Computer Science Program",
  journal =	"SYLLCS: Computer Science Syllabus",
  volume =	"9",
  year = 	"1996",
}

